%@article{ms-paper1,
%	title = "How to name unit tests properly? Tutorial for wide-screen users.",
%	year = 2020,
%	author = {Szymon Stasiak}
%}

@misc{ms-wiki1,
  title = {Simultaneous localization and mapping},
  howpublished = {\url{https://en.wikipedia.org/wiki/Simultaneous_localization_and_mapping}}
}

@misc{ms-pres1,
  title = {Iterative Closest Point Algorithm},
  howpublished = {\url{http://ais.informatik.uni-freiburg.de/teaching/ss12/robotics/slides/17-icp.pdf}},
  author = {Wolfram Burgard and Cyrill Stachniss and
Maren Bennewitz and Kai Arras}
}

@article{nicp,
author = {Oomori, Shinji and Nishida, Takeshi and Kurogi, Shuichi},
year = {2016},
month = {06},
pages = {149-154},
title = {Point cloud matching using singular value decomposition},
volume = {21},
journal = {Artificial Life and Robotics},
doi = {10.1007/s10015-016-0265-x}
}

@article{cpd,
author = {Myronenko, Andriy and Song, Xubo},
year = {2010},
month = {12},
pages = {2262-75},
title = {Point Set Registration: Coherent Point Drift},
volume = {32},
journal = {IEEE transactions on pattern analysis and machine intelligence},
doi = {10.1109/TPAMI.2010.46}
}

@online{fgtmatlab,
author = {Sebastien Paris},
title = {Fast Gaussian Transform mex implementation},
year = {2020},
url = {https://www.mathworks.com/matlabcentral/fileexchange/17438-fast-gaussian-transform-mex-implementation}
}

@article{fgt,
author = {Greengard, Leslie and Strain, John},
title = {The Fast Gauss Transform},
year = {1991},
issue_date = {1991},
publisher = {Society for Industrial and Applied Mathematics},
address = {USA},
volume = {12},
number = {1},
issn = {0196-5204},
journal = {SIAM J. Sci. Stat. Comput.},
month = jan,
pages = {79â€“94},
numpages = {16}
}
